<record xmlns="http://www.loc.gov/MARC21/slim" xmlns:xsi="http://www.w3.org/2001/XMLSchema-instance" xsi:schemaLocation="http://www.loc.gov/MARC21/slim http://www.loc.gov/standards/marcxml/schema/MARC21slim.xsd"><leader>01361nam a2200289   4500</leader><controlfield tag="001">001680089</controlfield><controlfield tag="003">NNU</controlfield><controlfield tag="006">m        d        </controlfield><controlfield tag="007">cr cn |||m|||a</controlfield><controlfield tag="008">140707s1957    iq      o     000 0 ara d</controlfield><datafield ind1=" " ind2=" " tag="040"><subfield code="a">NNU</subfield><subfield code="b">eng</subfield><subfield code="c">NNU</subfield></datafield><datafield ind1="1" ind2=" " tag="100"><subfield code="a">&#256;l Y&#257;s&#299;n, Mu&#7717;ammad &#7716;asan.</subfield></datafield><datafield ind1="1" ind2="3" tag="245"><subfield code="a">Al-&#7779;&#257;&#7717;ib ibn &#699;Abb&#257;d</subfield><subfield code="h">[electronic resource] :</subfield><subfield code="b">&#7717;ay&#257;tuhu wa-adabuhu /</subfield><subfield code="c">ta&#700;&#257;l&#299;f Mu&#7717;ammad &#7716;asan &#256;l Y&#257;s&#299;n.</subfield></datafield><datafield ind1=" " ind2=" " tag="260"><subfield code="a">Baghd&#257;d :</subfield><subfield code="b">Ma&#7789;ba&#699;at al-Ma&#699;&#257;rif,</subfield><subfield code="c">[1957]</subfield></datafield><datafield ind1=" " ind2=" " tag="300"><subfield code="a">online resource (288 p.)</subfield></datafield><datafield ind1="0" ind2=" " tag="490"><subfield code="a">Maktabat al-&#7778;&#257;&#7717;ib ibn &#699;Abb&#257;d ;</subfield><subfield code="v">1.</subfield></datafield><datafield ind1=" " ind2=" " tag="500"><subfield code="a">Cover title: al- Sahib ibn &#699;Abbad.</subfield></datafield><datafield ind1=" " ind2=" " tag="500"><subfield code="a">At head of title: D&#257;r al-Ma&#699;&#257;rif lil-Ta&#700;&#257;l&#299;f wa-al-Tarjamah wa-al-Nashr.</subfield></datafield><datafield ind1=" " ind2=" " tag="500"><subfield code="a">Part of the Arabic Collections Online (ACO) project, contributed by New York Univeristy Libraries.</subfield></datafield><datafield ind1=" " ind2=" " tag="533"><subfield code="a">Electronic reproduction.</subfield><subfield code="b">New York, N.Y. :</subfield><subfield code="c">New York University,</subfield><subfield code="d">2014.</subfield><subfield code="5">NNU</subfield></datafield><datafield ind1=" " ind2=" " tag="546"><subfield code="a">Added cover title in English.</subfield></datafield><datafield ind1="1" ind2=" " tag="700"><subfield code="a">&#7778;&#257;&#7717;ib al-&#7788;&#257;lq&#257;n&#299;, Ab&#363; al-Q&#257;sim Ism&#257;&#699;&#299;l ibn &#699;Abb&#257;d,</subfield><subfield code="d">936-995.</subfield></datafield><datafield ind1="2" ind2=" " tag="710"><subfield code="a">New York University.</subfield><subfield code="b">Libraries.</subfield></datafield><datafield ind1="0" ind2=" " tag="730"><subfield code="a">Arabic Collections Online.</subfield></datafield><datafield ind1="0" ind2="8" tag="776"><subfield code="i">Print version:</subfield><subfield code="a">&#256;l Y&#257;s&#299;n, Mu&#7717;ammad &#7716;asan.</subfield><subfield code="t">Al-&#7779;&#257;&#7717;ib ibn &#699;Abb&#257;d</subfield><subfield code="w">(NNU)001680089</subfield></datafield><datafield ind1="4" ind2="0" tag="856"><subfield code="u">http://hdl.handle.net/2333.1/qbzkh33k</subfield></datafield><datafield ind1=" " ind2=" " tag="959"><subfield code="a">NNU</subfield><subfield code="b">WEB</subfield><subfield code="c">GENI</subfield><subfield code="t">0</subfield><subfield code="m">Electronic access</subfield><subfield code="s">01</subfield></datafield></record>